<record><leader>00000cas a2200000 a 4500</leader><controlfield tag="001">12378735</controlfield><controlfield tag="008">850813d18901895ksuwr ne      0    0eng d</controlfield><datafield ind1=" " ind2=" " tag="010"><subfield code="a">sn 85031776 </subfield></datafield><datafield ind1=" " ind2=" " tag="040"><subfield code="a">KSH</subfield><subfield code="b">eng</subfield><subfield code="c">KSH</subfield><subfield code="d">NPT</subfield><subfield code="d">OCL</subfield><subfield code="d">OCLCQ</subfield></datafield><datafield ind1=" " ind2=" " tag="042"><subfield code="a">msc</subfield></datafield><datafield ind1="0" ind2="0" tag="245"><subfield code="a">Rice County news.</subfield></datafield><datafield ind1=" " ind2=" " tag="260"><subfield code="a">Frederick, Kan. :</subfield><subfield code="b">H.T. Murray,</subfield><subfield code="c">-1895.</subfield></datafield><datafield ind1=" " ind2=" " tag="300"><subfield code="a">v. :</subfield><subfield code="b">ill. ;</subfield><subfield code="c">58 cm.</subfield></datafield><datafield ind1=" " ind2=" " tag="310"><subfield code="a">Weekly</subfield></datafield><datafield ind1="0" ind2=" " tag="362"><subfield code="a">-v. 6, no. 16 (July 20, 1895).</subfield></datafield><datafield ind1="1" ind2=" " tag="362"><subfield code="a">Began in 1890.</subfield><subfield code="z">Cf. Rowell, 1894.</subfield></datafield><datafield ind1=" " ind2=" " tag="500"><subfield code="a">Published by: W.A. Gleason, Nov. 29, 1894-&lt;Mar. 28, 1895&gt;; White &amp; White, -Apr. 20, 1895; W.R. White, Apr. 27-July 20, 1895.</subfield></datafield><datafield ind1=" " ind2=" " tag="588"><subfield code="a">Description based on: Vol. 1, no. 19 (Aug. 28, 1890).</subfield></datafield><datafield ind1=" " ind2=" " tag="752"><subfield code="a">United States</subfield><subfield code="b">Kansas</subfield><subfield code="c">Rice</subfield><subfield code="d">Frederick.</subfield></datafield><datafield ind1="0" ind2="4" tag="785"><subfield code="t">Geneseo herald</subfield><subfield code="w">(DLC)sn 85031782</subfield></datafield><datafield ind1="1" ind2=" " tag="029"><subfield code="a">AU@</subfield><subfield code="b">000023435303</subfield></datafield></record>